@article{adams_users_1999,
 author = {Adams, Anne and Sasse, Martina Angela},
 date = {1999-12},
 doi = {10.1145/322796.322806},
 journaltitle = {Communications of the ACM},
 number = {12},
 pages = {40-46},
 series = {Communications of the {{ACM}}},
 shortjournal = {Commun ACM},
 title = {Users Are Not the Enemy},
 volume = {42},
 year = {1999}
}

@inproceedings{beautement_productive_2016,
 author = {Beautement, Adam and Becker, Ingolf and Parkin, Simon and Krol, Kat and Sasse, M. Angela},
 booktitle = {Twelfth {{Symposium}} on {{Usable Privacy}} and {{Security}} ({{SOUPS}} 2016)},
 date = {2016-06},
 eventtitle = {Twelfth {{Symposium}} on {{Usable Privacy}} and {{Security}} ({{SOUPS}} 2016)},
 isbn = {978-1-931971-31-7},
 location = {{Denver, CO}},
 publisher = {{USENIX Association}},
 title = {Productive {{Security}}: {{A Scalable Methodology}} for {{Analysing Employee Security Behaviours}}},
 url = {https://www.usenix.org/conference/soups2016/technical-sessions/presentation/beautement},
 year = {2016}
}

@article{becker_international_2017,
 author = {Becker, Ingolf and Hutchings, Alice and Abu-Salma, Ruba and Anderson, Ross and Bohm, Nicolas and Murdoch, Steven J. and Sasse, M. Angela and Stringhini, Gianluca},
 date = {2017-06},
 doi = {10.1093/cybsec/tyx011},
 journaltitle = {Journal of Cybersecurity},
 keywords = {\#nosource,Cross-cultural study},
 number = {2},
 pages = {109-125},
 title = {International {{Comparison}} of {{Bank Fraud Reimbursement}}: {{Customer Perceptions}} and {{Contractual Terms}}},
 volume = {3},
 year = {2017}
}

@inproceedings{becker_rewarding_2018,
 author = {Becker, Ingolf and Parkin, Simon and Sasse, M. Angela},
 booktitle = {{{USENIX Security Symposium}}},
 date = {2018},
 eventtitle = {{{USENIX Security}} '18},
 location = {{Baltimore, Maryland, USA}},
 publisher = {{USENIX Association}},
 title = {Rewarding {{Users}} for {{Stronger Passwords}}: {{Linking Password Lifetime}} to {{Strength}}},
 url = {https://www.usenix.org/conference/usenixsecurity18/presentation/becker},
 year = {2018}
}


@thesis{becker_measuring_2019,
  title = {Measuring and {{Understanding Security Behaviours}}},
  author = {Becker, Ingolf},
  date = {2019},
  institution = {{UCL (University College London)}},
  url = {https://discovery.ucl.ac.uk/id/eprint/10072657/},
  pagetotal = {278},
  type = {Doctoral}
}


@thesis{bowler_modelling_2018,
  title = {Modelling and Simulation of Phenotypic Variability in Cardiac Tissue and Application to Stem Cell-Derived Cardiomyocytes},
  author = {Bowler, Louise},
  date = {2018},
  institution = {{University of Oxford}},
  location = {{Oxford, England}},
  url = {https://ora.ox.ac.uk/objects/uuid:a138d837-be95-487e-87e5-e1cf4769e9a4},
  type = {Doctoral Thesis}
}


@online{uclgraduateschool_impact_2018,
  title = {Impact {{Statement Guidance Notes}} for {{UCL Research Students}} and {{Supervisors}}},
  author = {{UCL Graduate School}},
  date = {2018},
  url = {https://www.grad.ucl.ac.uk/essinfo/docs/Impact-Statement-Guidance-Notes-for-Research-Students-and-Supervisors.pdf},
  urldate = {2020-10-22}
}